@misc{coEvaluativeAssignment_2024EvaluativeAssignment_2024Writing,
  title = {{{EvaluativeAssignment}}\_2024/{{EvaluativeAssignment}}\_2024/{{Writing Sample}}.Pdf at Main {$\cdot$} {{WilliamClintC}}/{{EvaluativeAssignment}}\_2024},
  author = {Co, William},
  journal = {GitHub},
  urldate = {2025-01-20},
  abstract = {Contribute to WilliamClintC/EvaluativeAssignment\_2024 development by creating an account on GitHub.},
  howpublished = {https://github.com/WilliamClintC/EvaluativeAssignment\_2024/blob/main/EvaluativeAssignment\_2024/Writing\%20Sample.pdf},
  langid = {english},
  file = {C:\Users\clint\Zotero\storage\S6WWRTST\Writing Sample.html}
}
